@article{SDG,
title = "Are we on the right path to achieve the sustainable development goals?",
journal = "World Development",
volume = "127",
pages = "104749",
year = "2020",
issn = "0305-750X",
doi = "https://doi.org/10.1016/j.worlddev.2019.104749",
url = "http://www.sciencedirect.com/science/article/pii/S0305750X19303985",
author = "Jonathan D. Moyer and Steve Hedden",
}

@article{forecastegypt,
author = {R. Abonazel, Mohamed and Ibrahim, Ahmed},
year = {2019},
month = {01},
pages = {35-47},
title = {Forecasting Egyptian GDP using ARIMA models},
volume = {5},
journal = {Reports on Economics and Finance},
doi = {10.12988/ref.2019.81023}
}

@article{ifmodel,
  author          = {Hughes, Barry B},
  title           = {International Futures (IFs) and integrated, long-term forecasting of global transformations.},
  journal         = {Futures},
  volume          = {81},
  pages           = {98-118},
  year            = {2015},
  doi = {10.1016/j.futures.2015.07.007}
}

@article{econgrowth,
  author          = {Upreti, Parash},
  title           = {Factors Affecting Economic Growth in Developing Countries},
  journal         = {Major Themes in Economics},
  number          = {17},
  pages           = {37-54},
  year            = {2015},
  url = {https://scholarworks.uni.edu/mtie/vol17/iss1/5}
}

@misc{indchin,
author = {Ravikumar, Krishna},
title = {How Far is China Ahead of India},
url = {https://www.kaggle.com/kmravikumar/how-far-is-china-ahead-of-india}
}